@article{unrolled,
  author    = {Luke Metz and
               Ben Poole and
               David Pfau and
               Jascha Sohl{-}Dickstein},
  title     = {Unrolled Generative Adversarial Networks},
  journal   = {CoRR},
  volume    = {abs/1611.02163},
  year      = {2016},
  url       = {http://arxiv.org/abs/1611.02163},
  archivePrefix = {arXiv},
  eprint    = {1611.02163},
  timestamp = {Wed, 07 Jun 2017 14:42:26 +0200},
  biburl    = {http://dblp.org/rec/bib/journals/corr/MetzPPS16},
  bibsource = {dblp computer science bibliography, http://dblp.org}
}



@article{pacgan,
  author    = {Zinan Lin and Ashish Khetan and Giulia Fanti and  Sewoong Oh},
  title     = {PacGAN: The power of two samples in generative adversarial networks},
  journal   = {CoRR},
  volume    = {abs/1712.04086},
  year      = {2017},
  url       = {https://arxiv.org/abs/1712.04086},
  archivePrefix = {arXiv},
  eprint    = {1712.04086},
}

