@book{deeplearningbook,
    title={Deep Learning},
    author={Ian Goodfellow and Yoshua Bengio and Aaron Courville},
    publisher={MIT Press},
    url={http://www.deeplearningbook.org},
    year={2016}
}


@incollection{gan,
title = {Generative Adversarial Nets},
author = {Goodfellow, Ian and Pouget-Abadie, Jean and Mirza, Mehdi and Xu, Bing and Warde-Farley, David and Ozair, Sherjil and Courville, Aaron and Bengio, Yoshua},
booktitle = {Advances in Neural Information Processing Systems 27},
editor = {Z. Ghahramani and M. Welling and C. Cortes and N. D. Lawrence and K. Q. Weinberger},
pages = {2672--2680},
year = {2014},
publisher = {Curran Associates, Inc.},
url = {http://papers.nips.cc/paper/5423-generative-adversarial-nets.pdf}
}

@article{tutorial,
  author    = {Ian J. Goodfellow},
  title     = {{NIPS} 2016 Tutorial: Generative Adversarial Networks},
  journal   = {CoRR},
  volume    = {abs/1701.00160},
  year      = {2017},
  url       = {http://arxiv.org/abs/1701.00160},
  archivePrefix = {arXiv},
  eprint    = {1701.00160},
  timestamp = {Wed, 07 Jun 2017 14:43:15 +0200},
  biburl    = {http://dblp.org/rec/bib/journals/corr/Goodfellow17},
  bibsource = {dblp computer science bibliography, http://dblp.org}
}

@inproceedings{wgan,
  author    = {Mart{\'{\i}}n Arjovsky and
               Soumith Chintala and
               L{\'{e}}on Bottou},
  title     = {Wasserstein Generative Adversarial Networks},
  booktitle = {Proceedings of the 34th International Conference on Machine Learning,
               {ICML} 2017, Sydney, NSW, Australia, 6-11 August 2017},
  pages     = {214--223},
  year      = {2017},
  url       = {http://proceedings.mlr.press/v70/arjovsky17a.html},
  timestamp = {Wed, 16 Aug 2017 11:08:55 +0200},
  biburl    = {http://dblp.org/rec/bib/conf/icml/ArjovskyCB17},
  bibsource = {dblp computer science bibliography, http://dblp.org}
}

@article{unrolled,
  title={Unrolled Generative Adversarial Networks},
  author={Luke Metz and Ben Poole and David Pfau and Jascha Sohl-Dickstein},
  journal={CoRR},
  year={2016},
  volume={abs/1611.02163}
}

@article{pacgan,
  author    = {Zinan Lin and
               Ashish Khetan and
               Giulia C. Fanti and
               Sewoong Oh},
  title     = {PacGAN: The power of two samples in generative adversarial networks},
  journal   = {CoRR},
  volume    = {abs/1712.04086},
  year      = {2017},
  url       = {http://arxiv.org/abs/1712.04086},
  archivePrefix = {arXiv},
  eprint    = {1712.04086},
  timestamp = {Wed, 03 Jan 2018 12:33:17 +0100},
  biburl    = {http://dblp.org/rec/bib/journals/corr/abs-1712-04086},
  bibsource = {dblp computer science bibliography, http://dblp.org}
}

@INPROCEEDINGS{style,
author={L. A. Gatys and A. S. Ecker and M. Bethge},
booktitle={2016 IEEE Conference on Computer Vision and Pattern Recognition (CVPR)},
title={Image Style Transfer Using Convolutional Neural Networks},
year={2016},
volume={},
number={},
pages={2414-2423},
keywords={image representation;neural nets;object recognition;rendering (computer graphics);arbitrary photograph;artistic style;convolutional neural networks;high level image synthesis;image content;image processing;image representations;image style transfer;neural algorithm;object recognition;rendering;semantic content;semantic information;Feature extraction;Image reconstruction;Image representation;Neural networks;Neuroscience;Semantics;Visualization},
doi={10.1109/CVPR.2016.265},
ISSN={},
month={June},}

@inproceedings{inpaint,
    Author = {Pathak, Deepak and
    Kr\"ahenb\"uhl, Philipp and
    Donahue, Jeff and
    Darrell, Trevor and
    Efros, Alexei},
    Title = {Context Encoders:
    Feature Learning by Inpainting},
    Booktitle = CVPR,
    Year = {2016}
}

@article{pix2pixhd,
  title={High-Resolution Image Synthesis and Semantic Manipulation with Conditional GANs},
  author={Ting-Chun Wang and Ming-Yu Liu and Jun-Yan Zhu and Andrew Tao and Jan Kautz and Bryan Catanzaro},
  journal={arXiv preprint arXiv:1711.11585},
  year={2017}
}

@article{simgan,
  title={Learning from Simulated and Unsupervised Images through Adversarial Training},
  author={Ashish Shrivastava and Tomas Pfister and Oncel Tuzel and Joshua Susskind and Wenda Wang and Russell Webb},
  journal={2017 IEEE Conference on Computer Vision and Pattern Recognition (CVPR)},
  year={2017},
  pages={2242-2251}
}
